  @Manual{bolker2012,
    title = {bbmle: Tools for general maximum likelihood estimation},
    author = {Ben Bolker and R Development Core Team},
    year = {2012},
    note = {R package version 1.0.5.1},
    url = {http://CRAN.R-project.org/package=bbmle},
  }

 @Manual{yee2012,
    title = {VGAM: Vector Generalized Linear and Additive
  Models},
    author = {Thomas W. Yee},
    year = {2012},
    note = {R package version 0.8-7},
    url = {http://CRAN.R-project.org/package=VGAM},
  }

  @Manual{grotan2008,
    title = {poilog: Poisson lognormal and bivariate Poisson lognormal distribution},
    author = {Vidar Gr√∏tan and Steinar Engen},
    year = {2008},
    note = {R package version 0.4},
  }